@article{san2009evaluation,
  title={Evaluation of the potential of gaze input for game interaction.},
  author={San Agustin, Javier and Mateo, Julio C and Hansen, John Paulin and Villanueva, Arantxa},
  journal={PsychNology Journal},
  volume={7},
  number={2},
  pages={213--236},
  year={2009}
}

@article{dorr2009gaze,
  title={Gaze beats mouse: A case study on a gaze-controlled breakout.},
  author={Dorr, Michael and Pomarjanschi, Laura and Barth, Erhardt},
  journal={PsychNology Journal},
  volume={7},
  number={2},
  year={2009}
}

@inproceedings{krejtz2014gaze,
  title={Gaze-controlled gaming: immersive and difficult but not cognitively overloading},
  author={Krejtz, Krzysztof and Biele, Cezary and Chrzastowski, Dominik and Kopacz, Agata and Niedzielska, Anna and Toczyski, Piotr and Duchowski, Andrew},
  booktitle={Proceedings of the 2014 ACM International Joint Conference on Pervasive and Ubiquitous Computing: Adjunct Publication},
  pages={1123--1129},
  year={2014},
  organization={ACM}
}

@inproceedings{pfeuffer2013pursuit,
  title={Pursuit calibration: Making gaze calibration less tedious and more flexible},
  author={Pfeuffer, Ken and Vidal, Melodie and Turner, Jayson and Bulling, Andreas and Gellersen, Hans},
  booktitle={Proceedings of the 26th annual ACM symposium on User interface software and technology},
  pages={261--270},
  year={2013},
  organization={ACM}
}
